<?xml version="1.0" encoding="UTF-8"?><collection xmlns="http://www.loc.gov/MARC21/slim"><record><leader>00521nam--2200181-i-4500</leader><controlfield tag="001">000020457</controlfield><controlfield tag="002">20161230</controlfield><controlfield tag="005">20161230201033</controlfield><controlfield tag="008">060222s1000------------r-----000-0-fre-d</controlfield><datafield ind1=" " ind2=" " tag="040"><subfield code="a">IFIN-HH</subfield></datafield><datafield ind1=" " ind2=" " tag="041"><subfield code="a">fre</subfield></datafield><datafield ind1=" " ind2=" " tag="080"><subfield code="a">533.7(043)</subfield></datafield><datafield ind1="1" ind2=" " tag="100"><subfield code="a">Dognin, Andre</subfield></datafield><datafield ind1="1" ind2="0" tag="245"><subfield code="a">Etude de la viscosite et de la conductibilite thermique des gaz pure et des melanges gazeux. these</subfield><subfield code="c">Andre Dognin</subfield></datafield><datafield ind1=" " ind2=" " tag="260"><subfield code="a">Marseille, Universite De Nancy, 1961</subfield></datafield><datafield ind1=" " ind2=" " tag="300"><subfield code="a">154 P</subfield></datafield><datafield ind1=" " ind2=" " tag="852"><subfield code="a">77006</subfield><subfield code="c">533.7</subfield></datafield><datafield ind1=" " ind2=" " tag="CAT"><subfield code="a">Sys</subfield><subfield code="c">20100916</subfield><subfield code="h">102916</subfield></datafield></record></collection>